@book{health_consumer_powerhouse_euro_2018,
	title = {Euro Health Consumer Index 2018},
	isbn = {978-91-980687-5-7},
	url = {https://healthpowerhouse.com/media/EHCI-2018/EHCI-2018-report.pdf},
	abstract = {Sundhedssystemer i 35 lande er under luppen i den årlige undersøgelse fra det svenske institut Health Consumer Powerhouse. Her analyseres 48 indikatorer som fx patientrettigheder, adgang til og resultat af behandling, forebyggelse, medicinbrug m.v., alt sammen set fra patientens synspunkt},
	publisher = {Health Consumer Powerhouse},
	author = {{Health Consumer Powerhouse}},
	urldate = {2020-03-17},
	date = {2018},
	langid = {english},
	note = {{OCLC}: 951675471},
	file = {Health Consumer Powerhouse - 2015 - Euro health consumer index. 2015 2015.pdf:/home/danny/Zotero/storage/K2YUGVXZ/Health Consumer Powerhouse - 2015 - Euro health consumer index. 2015 2015.pdf:application/pdf}
}

@book{oecd_health_2018,
	title = {Health at a Glance: Europe 2018: State of Health in the {EU} Cycle},
	isbn = {978-92-64-30334-8 978-92-64-30335-5 978-92-64-30686-8 978-92-64-30685-1},
	url = {https://www.oecd-ilibrary.org/social-issues-migration-health/health-at-a-glance-europe-2018_health_glance_eur-2018-en},
	series = {Health at a Glance: Europe},
	shorttitle = {Health at a Glance},
	publisher = {{OECD}},
	author = {{OECD} and {European Union}},
	urldate = {2020-03-18},
	date = {2018},
	langid = {english},
	doi = {10.1787/health_glance_eur-2018-en},
	file = {OECD and European Union - 2018 - Health at a Glance Europe 2018 State of Health i.pdf:/home/danny/Zotero/storage/R474G88E/OECD and European Union - 2018 - Health at a Glance Europe 2018 State of Health i.pdf:application/pdf}
}